%Stuff.jpg


@misc{flybase,
	title = {FlyBase Homepage},
	url = {http:/flybase.org/},
	urldate = {2012-12-01},
	howpublished = {http://flybase.org/}
}

@misc{mongodb,
	title = {MongoDB},
	url = {http://www.mongodb.org/},
	urldate = {2012-12-01},
	howpublished = {http://www.mongodb.org/}
}

@misc{gep,
	title = {Genomics Education Partnership - GEP Home Page},
	url = {http://gep.wustl.edu/},
	urldate = {2012-12-01},
	howpublished = {http://gep.wustl.edu/}
}

@misc{ncbi,
	title = {National Center for Biotechnology Information},
	url = {http://www.ncbi.nlm.nih.gov/},
	urldate = {2012-12-01},
	howpublished = {http://www.ncbi.nlm.nih.gov/}
}

@misc{ucscbrowser,
	title = {UCSC Genome Browser Home},
	url = {http://genome.ucsc.edu/},
	urldate = {2012-12-01},
	howpublished = {http://genome.ucsc.edu/}
}

@article{annotation,
  title={Genome annotation: from sequence to biology},
  author={Stein, L. and others},
  journal={Nature reviews genetics},
  volume={2},
  number={7},
  pages={493--503},
  year={2001}
}

@online{phpMongo,
   author = {The PHP Group},
   title = {MongoDB Native Driver},
   month = nov,
   year = {2012},
   url = {http://us2.php.net/mongo}
}

@online{bson,
   author = {The PHP Group},
   title = {BSON - Binary JSON},
   url = {http://bsonspec.org}
}
