@inproceedings{Vlachou,
 author = {Vlachou, Akrivi and Doulkeridis, Christos and Polyzotis, Neoklis},
 title = {Skyline query processing over joins},
 booktitle = {Proceedings of the 2011 ACM SIGMOD International Conference on Management of data},
 series = {SIGMOD '11},
 year = {2011},
 isbn = {978-1-4503-0661-4},
 location = {Athens, Greece},
 pages = {73--84},
 numpages = {12},
 url = {http://doi.acm.org/10.1145/1989323.1989332},
 doi = {10.1145/1989323.1989332},
 acmid = {1989332},
 publisher = {ACM},
 address = {New York, NY, USA},
 keywords = {join operator, skyline query},
}

@inproceedings{Kohler,
 author = {K\"{o}hler, Henning and Yang, Jing and Zhou, Xiaofang},
 title = {Efficient parallel skyline processing using hyperplane projections},
 booktitle = {Proceedings of the 2011 ACM SIGMOD International Conference on Management of data},
 series = {SIGMOD '11},
 year = {2011},
 isbn = {978-1-4503-0661-4},
 location = {Athens, Greece},
 pages = {85--96},
 numpages = {12},
 url = {http://doi.acm.org/10.1145/1989323.1989333},
 doi = {10.1145/1989323.1989333},
 acmid = {1989333},
 publisher = {ACM},
 address = {New York, NY, USA},
 keywords = {data partitioning, hyperplane projection, parallel processing, skyline query},
}

@inproceedings{Tao,
 author = {Tao, Yufei and Sheng, Cheng and Pei, Jian},
 title = {On k-skip shortest paths},
 booktitle = {Proceedings of the 2011 ACM SIGMOD International Conference on Management of data},
 series = {SIGMOD '11},
 year = {2011},
 isbn = {978-1-4503-0661-4},
 location = {Athens, Greece},
 pages = {421--432},
 numpages = {12},
 url = {http://doi.acm.org/10.1145/1989323.1989368},
 doi = {10.1145/1989323.1989368},
 acmid = {1989368},
 publisher = {ACM},
 address = {New York, NY, USA},
 keywords = {k-skip, road network, shortest path},
}

@inproceedings{Stoyanovich,
 author = {Stoyanovich, Julia and Lodha, Mayur and Mee, William and Ross, Kenneth A.},
 title = {SkylineSearch: semantic ranking and result visualization for pubmed},
 booktitle = {Proceedings of the 2011 ACM SIGMOD International Conference on Management of data},
 series = {SIGMOD '11},
 year = {2011},
 isbn = {978-1-4503-0661-4},
 location = {Athens, Greece},
 pages = {1247--1250},
 numpages = {4},
 url = {http://doi.acm.org/10.1145/1989323.1989467},
 doi = {10.1145/1989323.1989467},
 acmid = {1989467},
 publisher = {ACM},
 address = {New York, NY, USA},
 keywords = {data exploration, skyline},
}

@article{Papadias,
 author = {Papadias, Dimitris and Tao, Yufei and Fu, Greg and Seeger, Bernhard},
 title = {Progressive skyline computation in database systems},
 journal = {ACM Trans. Database Syst.},
 issue_date = {March 2005},
 volume = {30},
 number = {1},
 month = mar,
 year = {2005},
 issn = {0362-5915},
 pages = {41--82},
 numpages = {42},
 url = {http://doi.acm.org/10.1145/1061318.1061320},
 doi = {10.1145/1061318.1061320},
 acmid = {1061320},
 publisher = {ACM},
 address = {New York, NY, USA},
 keywords = {Skyline query, branch-and-bound algorithms, multidimensional access methods},
}

@article{Sharifzadeh,
 author = {Sharifzadeh, Mehdi and Shahabi, Cyrus and Kazemi, Leyla},
 title = {Processing spatial skyline queries in both vector spaces and spatial network databases},
 journal = {ACM Trans. Database Syst.},
 issue_date = {August 2009},
 volume = {34},
 number = {3},
 month = sep,
 year = {2009},
 issn = {0362-5915},
 pages = {14:1--14:45},
 articleno = {14},
 numpages = {45},
 url = {http://doi.acm.org/10.1145/1567274.1567276},
 doi = {10.1145/1567274.1567276},
 acmid = {1567276},
 publisher = {ACM},
 address = {New York, NY, USA},
 keywords = {Spatial skyline, Voronoi diagrams, spatial databases},
}

@article{Lian,
 author = {Lian, Xiang and Chen, Lei},
 title = {Reverse skyline search in uncertain databases},
 journal = {ACM Trans. Database Syst.},
 issue_date = {February 2010},
 volume = {35},
 number = {1},
 month = feb,
 year = {2008},
 issn = {0362-5915},
 pages = {3:1--3:49},
 articleno = {3},
 numpages = {49},
 url = {http://doi.acm.org/10.1145/1670243.1670246},
 doi = {10.1145/1670243.1670246},
 acmid = {1670246},
 publisher = {ACM},
 address = {New York, NY, USA},
 keywords = {Uncertain database, bichromatic reverse skyline, monochromatic reverse skyline},
}
